@book{moens2014mining,
  title={Mining user generated content},
  author={Moens, Marie-Francine and Li, Juanzi and Chua, Tat-Seng},
  year={2014},
  publisher={CRC Press}
}

@article{lins2013nanocubes,
  title={Nanocubes for real-time exploration of spatiotemporal datasets},
  author={Lins, Lauro and Klosowski, James T and Scheidegger, Carlos},
  journal={Visualization and Computer Graphics, IEEE Transactions on},
  volume={19},
  number={12},
  pages={2456--2465},
  year={2013},
  publisher={IEEE}
}

@inproceedings{DBLP:conf/icde/KamatJTN14,
  author    = {Niranjan Kamat and
               Prasanth Jayachandran and
               Karthik Tunga and
               Arnab Nandi},
  title     = {Distributed and interactive cube exploration},
  booktitle = {{IEEE} 30th International Conference on Data Engineering, Chicago,
               {ICDE} 2014, IL, USA, March 31 - April 4, 2014},
  pages     = {472--483},
  year      = {2014},
  url       = {http://dx.doi.org/10.1109/ICDE.2014.6816674},
  doi       = {10.1109/ICDE.2014.6816674},
  timestamp = {Mon, 25 Apr 2016 13:11:23 +0200},
  biburl    = {http://dblp.uni-trier.de/rec/bib/conf/icde/KamatJTN14},
  bibsource = {dblp computer science bibliography, http://dblp.org}
}

@article{bruns2013towards,
  title={Towards more systematic Twitter analysis: Metrics for tweeting activities},
  author={Bruns, Axel and Stieglitz, Stefan},
  journal={International Journal of Social Research Methodology},
  volume={16},
  number={2},
  pages={91--108},
  year={2013},
  publisher={Taylor \& Francis}
}

@inproceedings{mathioudakis2010twittermonitor,
  title={Twittermonitor: trend detection over the twitter stream},
  author={Mathioudakis, Michael and Koudas, Nick},
  booktitle={Proceedings of the 2010 ACM SIGMOD International Conference on Management of data},
  pages={1155--1158},
  year={2010},
  organization={ACM}
}

@inproceedings{cameron2012emergency,
  title={Emergency situation awareness from twitter for crisis management},
  author={Cameron, Mark A and Power, Robert and Robinson, Bella and Yin, Jie},
  booktitle={Proceedings of the 21st international conference companion on World Wide Web},
  pages={695--698},
  year={2012},
  organization={ACM}
}

@inproceedings{DBLP:conf/kdd/RitterMEC12,
  author    = {Alan Ritter and
               Mausam and
               Oren Etzioni and
               Sam Clark},
  title     = {Open domain event extraction from twitter},
  booktitle = {The 18th {ACM} {SIGKDD} International Conference on Knowledge Discovery
               and Data Mining, {KDD} '12, Beijing, China, August 12-16, 2012},
  pages     = {1104--1112},
  year      = {2012},
  url       = {http://doi.acm.org/10.1145/2339530.2339704},
  doi       = {10.1145/2339530.2339704},
  timestamp = {Wed, 11 Dec 2013 16:46:50 +0100},
  biburl    = {http://dblp.uni-trier.de/rec/bib/conf/kdd/RitterMEC12},
  bibsource = {dblp computer science bibliography, http://dblp.org}
}

@book{jones1997readings,
  title={Readings in information retrieval},
  author={Jones, Karen Sparck},
  year={1997},
  publisher={Morgan Kaufmann}
}

@article{meij2011mapping,
  title={Mapping queries to the Linking Open Data cloud: A case study using DBpedia},
  author={Meij, Edgar and Bron, Marc and Hollink, Laura and Huurnink, Bouke and de Rijke, Maarten},
  journal={Web Semantics: Science, Services and Agents on the World Wide Web},
  volume={9},
  number={4},
  pages={418--433},
  year={2011},
  publisher={Elsevier}
}

@book{li2015practical,
  title={Practical Approaches to Causal Relationship Exploration},
  author={Li, Jiuyong and Liu, Lin and Le, Thuc},
  year={2015},
  publisher={Springer}
}

@article{hlavavckova2007causality,
  title={Causality detection based on information-theoretic approaches in time series analysis},
  author={Hlav{\'a}{\v{c}}kov{\'a}-Schindler, Katerina and Palu{\v{s}}, Milan and Vejmelka, Martin and Bhattacharya, Joydeep},
  journal={Physics Reports},
  volume={441},
  number={1},
  pages={1--46},
  year={2007},
  publisher={Elsevier}
}